
@techreport{jungers2015vers,
  title={Vers un plan de secteur durable: l'offre en logement},
  author={Jungers, Quentin and Leclercq, Alexandre and Neri, Pierre and Radoux, Julien and Waldner, Fran{\c{c}}ois and Defourny, Pierre and others},
  year={2015},
  institution={UCL},
  url={http://dial.uclouvain.be/pr/boreal/object/boreal:160879}
}


@techreport{leclercq2015versb,
  title={Vers un plan de secteur durable: indice de durabilit{\'e} r{\'e}sidentielle (analyse multi-crit{\`e}re)},
  author={Leclercq, Alexandre and Jungers, Quentin and Neri, Pierre and Radoux, Julien and Waldner, Fran{\c{c}}ois and Defourny, Pierre and others},
  year={2015},
  institution={UCL}, 
  url={http://dial.uclouvain.be/pr/boreal/object/boreal:160880}
}


@techreport{leclercq2015versa,
  title={Vers un plan de secteur durable: m{\'e}thodologie du mod{\`e}le},
  author={Leclercq, Alexandre and Jungers, Quentin and Neri, Pierre and Radoux, Julien and Waldner, Fran{\c{c}}ois and Defourny, Pierre and others},
  year={2015},
  institution={UCL}, 
  url={http://dial.uclouvain.be/pr/boreal/object/boreal:158871}
}